@String{pub-AW          = "Ad{\-d}i{\-s}on-Wes{\-l}ey"}
@String{pub-AW:adr      = "Reading, MA, USA"}

@Book{Jolliffe,
    author    =  "I.T. Jolliffe",
    title     =  "Principal Component Analysis, Second Edition",
    publisher =  "Springer",
    year      =  "2002"
}

@Book{Trevor,
    author    =  "Trevor Hastie and Robert Tibshirani and Jerome Friedman",
    title     =  "The elements of Statistical Learning (2nd edition)",
    publisher =  "Springer",
    year      =  "2009"
}

@Book{Data,
    author    =  "Viktor Mayer-Schönberger and Kenneth Cukier",
    title     =  "Big Data: A Revolution That Will Transform How We Live, Work, and Think",
    year      =  "2013"
}

@Book{Weisberg,
    author    =  "Sanford Weisberg",
    title     =  "Applied Linear Regression",
    publisher =  "John Wiley \& Sons, Inc., Hoboken, New Jersey.",
    year      =  "2005"
}

@Book{Kettenring,
    author    =  "J. Kettenring",
    title     =  "Canonical analysis of several sets of variables",
    publisher =  "Biometrika",
    year      =  "1971"
}

@Book{Banerjee,
    author    =  "Sudipto Banerjee and Anindya Roy",
    title     =  "Linear Algebra and Matrix Analysis for Statistics",
    publisher =  "Chapman and Hall/CRC",
    year      =  "2014"
}

@Article{ChenLin,
    author  =   "Yao-Nan Chen and Hsuan-Tien Lin",
    title   =   "Feature-aware Label Space Dimension Reduction for Multi-label Classification"
}

@Article{Chain,
    author  =   "Krzysztof Dembczyński and Weiwei Cheng and Eyke H{\"u}illermeier",
    title   =   "Bayes Optimal Multilabel Classification via Probabilistic Classifier Chains",
    year    =   "2010"
}


@Article{Mineiro,
    author  = "Paul Mineiro and Nikos Karampatziakis",
    title   = "Fast Label Embeddings via Randomized Linear Algebra",
    year    = "2011",
    month   = "5"
}

@Article{Halko,
    author  = "Halko, N. and Martinsson, P.G. and Tropp, J.A",
    title   = "Finding structure with randomness: Probabilistic algorithms for constructing approximate matrix decompositions",
    year    = "2011",
    publisher = "SIAM review 53(2)"
}

@Article{William,
    author  = "William H. Press",
    title   = "Canonical Correlation Clarified by Singular Value Decomposition",
    year    = "2015",
    month   = "7"
}

@Article{VVW,
    author  = "Virginia Vassilevska Williams",
    title   = "Multiplying matrices in {$O(2^{2.373})$} time",
    year    = "2014",
    month   = "7"
}

@Article{PLST,
    author  = "Farbound Tai and Hsuan-Tien Lin",
    title   = "Multi-label Classification with Principle Label Space Transformation",
    year    = "2012"
}


@misc{SVD,
    title           = "Singular value decomposition",
    howpublished    = {\url{https://en.wikipedia.org/wiki/Singular_value_decomposition}},
    note            = {Accessed: 2016-07-03}
}

@misc{Arma,
    title           = "Armadillo C++ linear algebra library",
    howpublished    = {\url{http://arma.sourceforge.net}},
    note            = {Accessed: 2016-05-28}
}

@misc{CMake,
    title           = "Build, Test and Package Your Software With CMake",
    howpublished    = {\url{https://cmake.org/}},
    note            = {Accessed: 2016-05-28}
}

@misc{Opt,
    title           = "Options That Control Optimization",
    howpublished    = {\url{https://gcc.gnu.org/onlinedocs/gcc/Optimize-Options.html}},
    note            = {Accessed: 2016-06-03}
}

@misc{Blas,
    title           = "OpenBLAS",
    howpublished    = {\url{https://github.com/xianyi/OpenBLAS}},
    note            = {Accessed: 2016-06-03}
}

@misc{Loss,
    title           = "Hamming Loss",
    howpublished    = "{\url{https://www.kaggle.com/wiki/HammingLoss}}",
    note            = {Accessed: 2016-09-30}
}

@misc{IBM,
    title           = "Big data at the speed of business",
    howpublished    = {\url{https://www-01.ibm.com/software/data/bigdata/}},
    note            = {Accessed: 2016-05-10}
}

@misc{Mulan,
    title           = "Mulan: A Java Library for Multi-Label Learning",
    howpublished    = {\url{http://mulan.sourceforge.net}},
    note            = {Accessed: 2016-05-10}
}

@online{LRV,
    title = {Lecture 2 | Machine Learning (Stanford)},
    year = {2008},
    organization = {Youtube},
    author = {Andrew Ng},
    url = {https://www.youtube.com/watch?v=5u4G23_OohI&list=PL382F7B6C56973EB8}
}
